

@misc{chan2017servlet,
author = {Java EE},
title = {Interface Servlet},
howpublished = {https://docs.oracle.com/javaee/6/api/javax/servlet/Servlet.html},
}
@book{JDBC,
	author = {Oracle Corporation},
	title = {Java Database Connectivity},
	year = {2017},
	howpublished = {https://docs.oracle.com/javase/8/docs/technotes/guides/jdbc/},
}



@thesis{roythesis,
	author = {Roy Thomas Fielding},
	title = {Architectural Styles and
	the Design of Network-based Software Architectures},
	type = { DISSERTATION},
	institution = { UNIVERSITY OF CALIFORNIA, IRVINE},
	date = {2000},
}

@book{rest,
	author = {Leonard Richardson and Sam Ruby},
	title = {RESTful Web Services},
	date = {2007},
}

@book{restcook,
	author = {Subbu Allamaraju},
	title = {RESTful Web Services Cookbook},
	date = {2010},
}
